@ARTICLE{qbvm,
	author	={{Marcell} {La~Rosa}},
	title		={Questionnaire-based Variability Modeling for System Configuration},
	year		={2008},
	journal	={BPM Group, Queensland University of Technology, Australia}
}

@ARTICLE{qdc,
	author	={{Marcello} {La Rosa}},
	title		={Questionnaire-driven Configuration of Reference Process Models},
	year		={2006},
	journal	={BPM Group, Queensland University of Technology, Australia}
}

@ARTICLE{fpe,
	author	={{Micha{\l}} {Antkiewicz}},
	title		={FeaturePlugin: Feature Modeling Plug-In for Eclipse},
	year		={2004},
	journal	={OOPSLAâ€™04 Eclipse Technology eXchange (ETX) Workshop, Oct. 24-28, 2004, Vancouver}
}


@MISC{,
	author	={{} {}},
	title		={},
	year		={},
	journal	={}
}

